@inproceedings{raake:2017:hasqualitymodel,
	author={A. Raake and M. N. Garcia and W. Robitza and P. List and S. Göring and B. Feiten},
	booktitle={2017 Ninth International Conference on Quality of Multimedia Experience (QoMEX)},
	title={A bitstream-based, scalable video-quality model for HTTP adaptive streaming: ITU-T P.1203.1},
	year={2017},
	pages={1-6},
	doi={10.1109/QoMEX.2017.7965631},
	month={May},}

@inproceedings{cock:2016:titleencode,
	author={J. De Cock and Z. Li and M. Manohara and A. Aaron},
	booktitle={2016 IEEE International Conference on Image Processing (ICIP)},
	title={Complexity-based consistent-quality encoding in the cloud},
	year={2016},
	pages={1484-1488},
	month={Sept},}

@article{forecast2016cisco,
	title={Cisco Visual Networking Index: Global Mobile Data Traffic Forecast Update, 2015--2020 White Paper},
	author={Forecast, Cisco VNI},
	journal={Cisco Public Information},
	year={2016}
}

@article{seufert:2015:hassurvey,
	author={M. Seufert and S. Egger and M. Slanina and T. Zinner and T. Hoßfeld and P. Tran-Gia},
	journal={IEEE Communications Surveys Tutorials},
	title={A Survey on Quality of Experience of HTTP Adaptive Streaming},
	year={2015},
	volume={17},
	number={1},
	pages={469-492},
	ISSN={1553-877X},
	month={Firstquarter},}


@ARTICLE{dvb:2015:uhd1, 
	author={}, 
	journal={ETSI TS 101 154 V2.2.1}, 
	title={{DVB UHD-1 Phase 1}}, 
	year={2015}, 
	month={06},
	pages={124-126}
}

@article{sandvine2010global,
	title={Global Internet Phenomena Report. 2012},
	author={SANDVINE, IU},
	url={https://www.sandvine.com/downloads/general/global-internet-phenomena/2012/1h-2012-global-internet-phenomena-report.pdf},
	year={2012}
}

@inproceedings{akhshabi:2011:has,
	author = {Akhshabi, Saamer and Begen, Ali C. and Dovrolis, Constantine},
	title = {An Experimental Evaluation of Rate-adaptation Algorithms in Adaptive Streaming over HTTP},
	booktitle = {Proceedings of the Second Annual ACM Conference on Multimedia Systems},
	series = {MMSys '11},
	year = {2011},
	isbn = {978-1-4503-0518-1},
	location = {San Jose, CA, USA},
	pages = {157--168},
	numpages = {12},
	doi = {10.1145/1943552.1943574},
	publisher = {ACM},
	address = {New York, NY, USA},
} 

@INPROCEEDINGS{lin2014:fvqa,
	author={J. Y. Lin and T. J. Liu and E. C. H. Wu and C. C. J. Kuo},
	booktitle={Signal and Information Processing Association Annual Summit and Conference (APSIPA), 2014 Asia-Pacific},
	title={A fusion-based video quality assessment (fvqa) index},
	year={2014},
	pages={1-5},
	doi={10.1109/APSIPA.2014.7041705},
	month={Dec}}

@ARTICLE{lin2013:mmf,
	author={T. J. Liu and W. Lin and C. C. J. Kuo},
	journal={IEEE Transactions on Image Processing},
	title={Image Quality Assessment Using Multi-Method Fusion},
	year={2013},
	volume={22},
	number={5},
	pages={1793-1807},
	ISSN={1057-7149},
	month={May},}

@INPROCEEDINGS{lin2015:multipass,
	author={Y. C. Lin and H. Denman and A. Kokaram},
	booktitle={2015 IEEE International Conference on Image Processing (ICIP)},
	title={Multipass encoding for reducing pulsing artifacts in cloud based video transcoding},
	year={2015},
	pages={907-911},
	doi={10.1109/ICIP.2015.7350931},
	month={Sept}}

@article{rec1998p,
	title={P. 910},
	author={REC, ITUT},
	journal={Subjective video quality assessment methods for multimedia applications},
	year={1998}}

@online{web:harmonic,
	title={Harmonic demo footage},
	url={https://www.harmonicinc.com/4k-demo-footage-download/},
	author={Harmonic},
	year={2017},
	month={Jun}}

@online{web:bbb,
	title={Big Buck Bunny},
	url={http://distribution.bbb3d.renderfarming.net/video/png},
	organization={Blender Foundation}}

@online{web:cablelabs,
	author={CableLabs},
	title={4K Video Database},
	url={http://4k.cablelabs.com/}}

@online{web:pydoit,
	title={DoIt Automation Tool},
	url={http://pydoit.org/},
	author={Eduardo Schettino}}

@online{web:SITI,
	title={Telecommunication-Telemedia-Assessment/SITI},
	url={https://github.com/Telecommunication-Telemedia-Assessment/SITI},
	journal={GitHub}, author={Lebreton, P. and  Robitza, W.},
	year={2016},
	month={Dec}}

@online{web:vdk,
	title={VMAF Development Kit (VDK)},
	url={https://github.com/Netflix/vmaf},
	}

@online{web:ProRes,
	title={Apple ProRes White Paper},
	 url={https://images.apple.com/final-cut-pro/docs/Apple_ProRes_White_Paper.pdf},
	author={Apple},
	year={2017},
	month={Apr},
	pages={1–23}
	}

